@abbreviation{int_dev_env,
short = {IDE},
long = {Integrated Development Environment}
}