@symbol{inferior,
	name = {\ensuremath{\text{i}}},
	description = {inferior},
	group = {sub},
	user1 = {--},
}
@symbol{throat,
	name = {\ensuremath{\text{t}}},
	description = {throat},
	group = {sub},
	user1 = {--},
}
@symbol{inlet,
	name = {\ensuremath{\text{in}}},
	description = {inlet},
	group = {sub},
	user1 = {--},
}
@symbol{air,
	name = {\ensuremath{\text{air}}},
	description = {air},
	group = {sub},
	user1 = {--},
}
@symbol{turbine,
	name = {\ensuremath{\text{T}}},
	description = {turbine},
	group = {sub},
	user1 = {--},
}
@symbol{exhaust,
	name = {\ensuremath{\text{exh}}},
	description = {exhaust},
	group = {sub},
	user1 = {--},
}
@symbol{tangential,
	name = {\ensuremath{\theta}},
	description = {tangential/circumferential/blade},
	group = {sub},
	user1 = {--},
}
@symbol{choke,
	name = {\ensuremath{\text{ch}}},
	description = {choke},
	group = {sub},
	user1 = {--},
}
@symbol{component,
	name = {\ensuremath{i}},
	description = {component},
	group = {sub},
	user1 = {--},
}
@symbol{total,
	name = {\ensuremath{\text{tot}}},
	description = {total conditions},
	group = {sub},
	user1 = {--},
}
@symbol{stoichiometric,
	name = {\ensuremath{0}},
	description = {stoichiometric},
	group = {sub},
	user1 = {--},
}
@symbol{meridional,
	name = {\ensuremath{\text{m}}},
	description = {meridional},
	group = {sub},
	user1 = {--},
}
@symbol{outlet,
	name = {\ensuremath{\text{out}}},
	description = {outlet},
	group = {sub},
	user1 = {--},
}
@symbol{rotating,
	name = {\ensuremath{\text{r}}},
	description = {rotating},
	group = {sub},
	user1 = {--},
}
@symbol{corrected,
	name = {\ensuremath{\text{cor}}},
	description = {corrected},
	group = {sub},
	user1 = {--},
}
@symbol{isentropic,
	name = {\ensuremath{\text{is}}},
	description = {at constant entropy},
	group = {sub},
	user1 = {--},
}
@symbol{refstate,
	name = {\ensuremath{\text{ref}}},
	description = {reference state},
	group = {sub},
	user1 = {--},
}